<?xml version="1.0" encoding="UTF-8"?><collection xmlns="http://www.loc.gov/MARC21/slim"><record><leader>00338nam--2200121-i-4500</leader><controlfield tag="001">000019094</controlfield><controlfield tag="002">20161230</controlfield><controlfield tag="005">20161230201033</controlfield><controlfield tag="008">060222s1000------------r-----000-0-eng-d</controlfield><datafield ind1=" " ind2=" " tag="080"><subfield code="a">6881.3.06</subfield></datafield><datafield ind1=" " ind2=" " tag="245"><subfield code="a">Cii 10.070. fortran iv reference manual</subfield></datafield><datafield ind1=" " ind2=" " tag="260"><subfield code="a">Paris, Compagnie Internationale Pour L Informatique, 1967. V + 133 P</subfield></datafield><datafield ind1=" " ind2=" " tag="852"><subfield code="a">29707</subfield></datafield></record></collection>